@manual{oetiket2007lshort,
    author = {Oetiket, T. and Partl, H. and Hyna and Schlegl, E.},
    title = {The not-so-short introduction to Latex},
    url = {http://www.ctan.org/tex-archive/info/lshort/english/lshort.pdf}
}

@Manual{downes2002shortams,
  title = 	 {{Short Math Guide for \LaTeX{}}},
  author = 	 {Downes,, Michael},
  organization = {American Mathematical Society},
  year = 	 {2002},
  url = 	 {ftp://ftp.ams.org/pub/tex/doc/amsmath/short-math-guide.pdf}
}

@misc{smithwaterman1981,
	title = 	{Identification of Common Molecular Subsequences},
	author =	{Smith, Temple F.; Waterman, Michael S.},
	publisher = {Journal of Molecular Biology},
	year =		{1981},	
}

@misc{needlemanwunsch1970,
	title =		{A general method applicable to the search for similarities in the amino acid sequence of two proteins},
	author =	{Needleman, Saul B.; Wunsch, Christian D.},
	publisher =	{Journal of Molecular Biology},
	year =		{1970},	
}

@Book{ungar2002uvod,
  author = 	 {Šime Ungar},
  title = 	 {{Uvod u \TeX{} s naglaskom na \LaTeX 2$\epsilon$}},
  publisher = 	 {Odjel za matematiku, Sveučilište J.J.\ Strossmayera u Osijeku},
  year = 	 {2002}
}

